<record><leader>00000cas a22000007a 4500</leader><controlfield tag="001">12859602</controlfield><controlfield tag="008">851202d18971902wvuwr ne      0    0eng d</controlfield><datafield ind1=" " ind2=" " tag="010"><subfield code="a">sn 85059718 </subfield></datafield><datafield ind1=" " ind2=" " tag="040"><subfield code="a">WVC</subfield><subfield code="b">eng</subfield><subfield code="c">WVC</subfield><subfield code="d">OCL</subfield><subfield code="d">OCLCQ</subfield></datafield><datafield ind1=" " ind2=" " tag="042"><subfield code="a">msc</subfield></datafield><datafield ind1="0" ind2="4" tag="245"><subfield code="a">The County mail and advertiser.</subfield></datafield><datafield ind1=" " ind2=" " tag="260"><subfield code="a">Clarksburg, W. Va. :</subfield><subfield code="b">County Mail and Advertiser Co.</subfield></datafield><datafield ind1=" " ind2=" " tag="300"><subfield code="a">v.</subfield></datafield><datafield ind1=" " ind2=" " tag="310"><subfield code="a">Weekly</subfield></datafield><datafield ind1="1" ind2=" " tag="362"><subfield code="a">Began in 1897?; ceased in 1902?</subfield><subfield code="z">Cf. W. Va. State Gazetteers.</subfield></datafield><datafield ind1=" " ind2=" " tag="500"><subfield code="a">"Independent."</subfield></datafield><datafield ind1=" " ind2=" " tag="500"><subfield code="a">Editor: Camden Sommers, 1897-1902. Cf. W. Va. State Gazetteers.</subfield></datafield><datafield ind1=" " ind2=" " tag="588"><subfield code="a">Description based on: Vol. 2, no. 11 (July 23, 1898).</subfield></datafield><datafield ind1=" " ind2=" " tag="752"><subfield code="a">United States</subfield><subfield code="b">West Virginia</subfield><subfield code="c">Harrison</subfield><subfield code="d">Clarksburg.</subfield></datafield></record>